<record><leader>00000cas a2200000 a 4500</leader><controlfield tag="001">9642253</controlfield><controlfield tag="008">830624u1936uuuuilusr ne      0   b0swe c</controlfield><datafield ind1=" " ind2=" " tag="010"><subfield code="a">sn 83045732 </subfield></datafield><datafield ind1=" " ind2=" " tag="040"><subfield code="a">CRL</subfield><subfield code="b">eng</subfield><subfield code="c">CRL</subfield><subfield code="d">NPW</subfield><subfield code="d">NSD</subfield><subfield code="d">DLC</subfield><subfield code="d">MN#</subfield><subfield code="d">NVF</subfield><subfield code="d">CRL</subfield><subfield code="d">NVF</subfield><subfield code="d">DLC</subfield><subfield code="d">CVF</subfield><subfield code="d">NVF</subfield><subfield code="d">DLC</subfield><subfield code="d">NVF</subfield><subfield code="d">OCLCQ</subfield><subfield code="d">OCLCF</subfield><subfield code="d">NVF</subfield><subfield code="d">OCLCO</subfield></datafield><datafield ind1="1" ind2=" " tag="022"><subfield code="a">0888-2045</subfield><subfield code="l">0888-2045</subfield><subfield code="2">1</subfield></datafield><datafield ind1="1" ind2=" " tag="029"><subfield code="a">AU@</subfield><subfield code="b">000020419004</subfield></datafield><datafield ind1=" " ind2=" " tag="032"><subfield code="a">530300</subfield><subfield code="b">USPS</subfield></datafield><datafield ind1=" " ind2=" " tag="037"><subfield code="b">Swedish American Newspaper Co., Circulation Dept., 10921 Paramount Blvd., Downey, CA 90241</subfield></datafield><datafield ind1=" " ind2=" " tag="042"><subfield code="a">pcc</subfield><subfield code="a">nsdp</subfield></datafield><datafield ind1=" " ind2=" " tag="043"><subfield code="a">n-us-il</subfield></datafield><datafield ind1="0" ind2="0" tag="050"><subfield code="a">Newspaper</subfield></datafield><datafield ind1=" " ind2="0" tag="222"><subfield code="a">Svenska Amerikanaren tribunen</subfield></datafield><datafield ind1="0" ind2="0" tag="245"><subfield code="a">Svenska Amerikanaren tribunen.</subfield></datafield><datafield ind1="1" ind2=" " tag="246"><subfield code="i">Issues for &lt;Jan. 16, 1985-&gt; have English parallel title:</subfield><subfield code="a">Swedish American newspaper</subfield></datafield><datafield ind1=" " ind2=" " tag="260"><subfield code="a">Chicago, Ill. :</subfield><subfield code="b">Swedish American Newspaper Co.,</subfield><subfield code="c">1936-</subfield></datafield><datafield ind1=" " ind2=" " tag="300"><subfield code="a">v.</subfield></datafield><datafield ind1=" " ind2=" " tag="310"><subfield code="a">Semimonthly,</subfield><subfield code="b">Feb. 3, 1982-</subfield></datafield><datafield ind1=" " ind2=" " tag="321"><subfield code="a">Weekly,</subfield><subfield code="b">May 28, 1936-Jan. 27, 1982</subfield></datafield><datafield ind1="0" ind2=" " tag="362"><subfield code="a">60. a&#778;rg., nr. 22 (28 maj 1936)-</subfield></datafield><datafield ind1=" " ind2=" " tag="530"><subfield code="a">Also issued on microfilm from the Library of Congress, Photoduplication Service and the State Historical Society of Wisconsin.</subfield></datafield><datafield ind1=" " ind2=" " tag="546"><subfield code="a">In Swedish.</subfield></datafield><datafield ind1=" " ind2=" " tag="580"><subfield code="a">Formed by the union of: Svenska amerikanaren (Chicago, Ill. : 1916), and: Svenska tribunen-nyheter.</subfield></datafield><datafield ind1=" " ind2=" " tag="588"><subfield code="a">Latest issue consulted: 127. a&#778;rg., nr. 16 (29 aug 2003).</subfield></datafield><datafield ind1=" " ind2="0" tag="650"><subfield code="a">Swedish Americans</subfield><subfield code="z">Illinois</subfield><subfield code="z">Chicago</subfield><subfield code="v">Newspapers.</subfield></datafield><datafield ind1=" " ind2="0" tag="651"><subfield code="a">Chicago (Ill.)</subfield><subfield code="v">Newspapers.</subfield></datafield><datafield ind1=" " ind2="7" tag="650"><subfield code="a">Swedish Americans.</subfield><subfield code="2">fast</subfield><subfield code="0">(OCoLC)fst01140023</subfield></datafield><datafield ind1=" " ind2="7" tag="651"><subfield code="a">Illinois</subfield><subfield code="z">Chicago.</subfield><subfield code="2">fast</subfield><subfield code="0">(OCoLC)fst01204048</subfield></datafield><datafield ind1=" " ind2="7" tag="655"><subfield code="a">Newspapers.</subfield><subfield code="2">fast</subfield><subfield code="0">(OCoLC)fst01423814</subfield></datafield><datafield ind1=" " ind2=" " tag="752"><subfield code="a">United States</subfield><subfield code="b">Illinois</subfield><subfield code="c">Cook</subfield><subfield code="d">Chicago.</subfield></datafield><datafield ind1="1" ind2="4" tag="780"><subfield code="t">Svenska Amerikanaren (Chicago, Ill. : 1916)</subfield><subfield code="w">(DLC)sn 85045734</subfield><subfield code="w">(OCoLC)9642259</subfield></datafield><datafield ind1="1" ind2="4" tag="780"><subfield code="t">Svenska tribunen-nyheter</subfield><subfield code="w">(DLC)sn 83045729</subfield><subfield code="w">(OCoLC)9642188</subfield></datafield><datafield ind1="0" ind2="5" tag="780"><subfield code="t">Svenska Amerikanska posten</subfield><subfield code="w">(DLC)sn 83045737</subfield><subfield code="w">(OCoLC)9611349</subfield></datafield></record>